# cv.bib 
@article{zhouAnticancerEffectNovel2022,
  title = {The Anticancer Effect of a Novel Quinoline Derivative 91b1 through Downregulation of {\mkbibemph{Liumican}}},
  author = {Zhou, Yuanyuan and Zhou, Zhongguo and Chan, Dessy and family=Chung, given=Po, prefix=yee, useprefix=false and \underline{Yongqi Wang} and family=Chan, given=Albert Sun, prefix=chi, useprefix=false and Law, Simon and family=Lam, given=Kim, prefix=hung, useprefix=false and Tang, Johnny Cheuk On},
  date = {2022-01},
  journaltitle = {International Journal of Molecular Sciences},
  volume = {23},
  number = {21},
  pages = {13181},
  publisher = {Multidisciplinary Digital Publishing Institute},
  doi = {10.3390/ijms232113181},
  issue = {21}
}